% References for smoking detection manuscript
% Add your actual BibTeX entries here - these are placeholder citations

@misc{who2021tobacco,
  author = {{World Health Organization}},
  title = {Tobacco Fact Sheet},
  year = {2021},
  url = {https://www.who.int/news-room/fact-sheets/detail/tobacco}
}

@article{nahum2018just,
  author = {Nahum-Shani, I. and Smith, S. N. and Spring, B. J. and others},
  title = {Just-in-Time Adaptive Interventions (JITAIs) in Mobile Health: Key Components and Design Principles for Ongoing Health Behavior Support},
  journal = {Annals of Behavioral Medicine},
  year = {2018},
  volume = {52},
  number = {6},
  pages = {446--462},
  doi = {10.1007/s12160-016-9830-8}
}

@article{sazonov2013smoke,
  author = {Sazonov, E. and Lopez-Meyer, P. and Tiffany, S.},
  title = {A wearable sensor system for monitoring cigarette smoking},
  journal = {Journal of Studies on Alcohol and Drugs},
  year = {2013},
  volume = {74},
  number = {6},
  pages = {956--964}
}

@article{saleheen2015puffmarker,
  author = {Saleheen, N. and Ali, A. A. and Hossain, S. M. and others},
  title = {puffMarker: a multi-sensor approach for pinpointing the timing of first lapse in smoking cessation},
  journal = {Proceedings of the ACM International Joint Conference on Pervasive and Ubiquitous Computing},
  year = {2015},
  pages = {999--1010},
  doi = {10.1145/2750858.2806897}
}

@article{tang2020individualized,
  author = {Tang, Q. and Byrne, D. and Nahum-Shani, I. and others},
  title = {Toward Individualized Just-in-Time Adaptive Interventions},
  journal = {IEEE Journal of Biomedical and Health Informatics},
  year = {2020},
  volume = {24},
  number = {9},
  pages = {2487--2498}
}

@article{stone2007patient,
  author = {Stone, A. A. and Shiffman, S.},
  title = {Ecological momentary assessment in behavioral medicine},
  journal = {Annals of Behavioral Medicine},
  year = {2007},
  volume = {16},
  number = {3},
  pages = {199--202}
}

@inproceedings{yosinski2014transfer,
  author = {Yosinski, J. and Clune, J. and Bengio, Y. and Lipson, H.},
  title = {How transferable are features in deep neural networks?},
  booktitle = {Advances in Neural Information Processing Systems},
  year = {2014},
  pages = {3320--3328}
}

@article{devlin2019bert,
  author = {Devlin, J. and Chang, M. W. and Lee, K. and Toutanova, K.},
  title = {BERT: Pre-training of Deep Bidirectional Transformers for Language Understanding},
  journal = {Proceedings of NAACL-HLT},
  year = {2019},
  pages = {4171--4186}
}

@inproceedings{parate2014detecting,
  author = {Parate, A. and Chiu, M. C. and Chadowitz, C. and others},
  title = {RisQ: recognizing smoking gestures with inertial sensors on a wristband},
  booktitle = {Proceedings of the 12th ACM International Conference on Mobile Systems, Applications, and Services},
  year = {2014},
  pages = {149--161}
}

@article{mathur2021designing,
  author = {Mathur, A. and Van den Broeck, M. and Vandenberg, G. and others},
  title = {Designing and Evaluating Contextualized Privacy Mechanisms in Quantified Self Technologies},
  journal = {Proceedings of the ACM on Interactive, Mobile, Wearable and Ubiquitous Technologies},
  year = {2021},
  volume = {5},
  number = {1},
  pages = {1--33}
}

@article{settles2009active,
  author = {Settles, B.},
  title = {Active learning literature survey},
  journal = {Computer Sciences Technical Report},
  year = {2009},
  volume = {1648},
  publisher = {University of Wisconsin-Madison}
}

@inproceedings{finn2017model,
  author = {Finn, C. and Abbeel, P. and Levine, S.},
  title = {Model-Agnostic Meta-Learning for Fast Adaptation of Deep Networks},
  booktitle = {Proceedings of the 34th International Conference on Machine Learning},
  year = {2017},
  pages = {1126--1135}
}
