% Bibliography file for Few-Shot Personalization paper
% TODO: Add actual citations as paper develops

@article{TODO:wearables_review,
  title={Wearable Health Monitoring Systems: A Comprehensive Review},
  author={TODO: Author},
  journal={TODO: Journal},
  year={2024},
  note={TODO: Add actual citation}
}

@article{TODO:individual_variability,
  title={Individual Variability in Physiological Sensor Data: Challenges and Opportunities},
  author={TODO: Author},
  journal={TODO: Journal},  
  year={2023},
  note={TODO: Add actual citation}
}

@article{TODO:health_personalization,
  title={Personalization Approaches in Digital Health Monitoring},
  author={TODO: Author},
  journal={TODO: Journal},
  year={2024},
  note={TODO: Add actual citation}
}

@article{TODO:few_shot_learning,
  title={Few-Shot Learning: A Survey},
  author={TODO: Author},
  journal={TODO: Journal},
  year={2023},
  note={TODO: Add actual citation}
}

% Additional citations to be added:
% - Smoking detection papers
% - Accelerometer-based activity recognition
% - Domain adaptation in health monitoring
% - LOPO evaluation methodologies
% - Statistical analysis approaches for personalization